@book{doi1988theory,
  title={The theory of polymer dynamics},
  author={Doi, Masao and Edwards, Sam F},
  volume={73},
  year={1988},
  publisher={oxford university press}
}